<collection xmlns="http://www.loc.gov/MARC21/slim">
<record>
  <leader>01107nam0a2200253 i 450 </leader>
  <controlfield tag="001">IT\ICCU\CNCE\014709</controlfield>
  <controlfield tag="005">19970101000000.0</controlfield>
  <datafield tag="012" ind1=" " ind2=" ">
    <subfield code="a">e-it peam s,ho buAp (3) 1565 (A)</subfield>
    <subfield code="2">fei</subfield>
  </datafield>
  <datafield tag="100" ind1=" " ind2=" ">
    <subfield code="a">19970101d1565        0itac0103    ba</subfield>
  </datafield>
  <datafield tag="101" ind1=" " ind2=" ">
    <subfield code="a">LAT</subfield>
  </datafield>
  <datafield tag="102" ind1=" " ind2=" ">
    <subfield code="a">IT</subfield>
  </datafield>
  <datafield tag="200" ind1="1" ind2=" ">
    <subfield code="a">Canones, et decreta sacrosancti oecumenici et generalis Concilii Tridentini</subfield>
  </datafield>
  <datafield tag="210" ind1=" " ind2=" ">
    <subfield code="a">Neapoli</subfield>
    <subfield code="c">apud Ioan. Mariam Scotum</subfield>
    <subfield code="d">1565</subfield>
  </datafield>
  <datafield tag="215" ind1=" " ind2=" ">
    <subfield code="a">162, \38! c.</subfield>
    <subfield code="d">8ʻ</subfield>
  </datafield>
  <datafield tag="620" ind1=" " ind2=" ">
    <subfield code="a">IT</subfield>
    <subfield code="d">Napoli</subfield>
  </datafield>
  <datafield tag="710" ind1="1" ind2="2">
    <subfield code="a">Concilio di Trento</subfield>
    <subfield code="c"> &lt;1545-1563&gt;</subfield>
    <subfield code="3">IT\ICCU\CNCA\003434</subfield>
  </datafield>
  <datafield tag="712" ind1="0" ind2="0">
    <subfield code="a">Scoto, Giovanni Maria</subfield>
    <subfield code="3">IT\ICCU\CNCT\000524</subfield>
    <subfield code="4">650</subfield>
  </datafield>
  <datafield tag="791" ind1="0" ind2="2">
    <subfield code="a">Concilium Tridentinum</subfield>
    <subfield code="c"> &lt;1545-1563&gt;</subfield>
    <subfield code="3">8382</subfield>
    <subfield code="z">Concilio di Trento &lt;1545-1563&gt;</subfield>
  </datafield>
  <datafield tag="791" ind1="0" ind2="0">
    <subfield code="a">Scotto, Giovanni Maria</subfield>
    <subfield code="3">IT\ICCU\CNCT\004086</subfield>
    <subfield code="z">Scoto, Giovanni Maria</subfield>
  </datafield>
  <datafield tag="791" ind1="0" ind2="0">
    <subfield code="a">Scotus, Ioannes Maria</subfield>
    <subfield code="3">IT\ICCU\CNCT\005626</subfield>
    <subfield code="z">Scoto, Giovanni Maria</subfield>
  </datafield>
  <datafield tag="791" ind1="0" ind2="0">
    <subfield code="a">Scottus, Joannes Maria</subfield>
    <subfield code="3">IT\ICCU\CNCT\005627</subfield>
    <subfield code="z">Scoto, Giovanni Maria</subfield>
  </datafield>
  <datafield tag="791" ind1="0" ind2="0">
    <subfield code="a">Scotti, Giovanni Maria</subfield>
    <subfield code="3">IT\ICCU\CNCT\005628</subfield>
    <subfield code="z">Scoto, Giovanni Maria</subfield>
  </datafield>
  <datafield tag="801" ind1=" " ind2="3">
    <subfield code="a">IT</subfield>
    <subfield code="b">ICCU</subfield>
    <subfield code="c">20201114</subfield>
  </datafield>
  <datafield tag="899" ind1=" " ind2=" ">
    <subfield code="a">Biblioteca regionale universitaria. Messina</subfield>
    <subfield code="1">ME0050</subfield>
    <subfield code="2">PAL BM</subfield>
  </datafield>
</record>
</collection>
